@article
{ahu61,

   author={Arrow, Kenneth J. and Leonid Hurwicz and Hirofumi Uzawa
},
   title={Constraint qualifications in maximization problems
},
   journal=
{Naval Research Logistics Quarterly},
   volume={8},
   year=1961
,
   pages={175-191
}
}

@book{ab94,
   author* = {Charalambos D. Aliprantis and Kim C. Border},
   year = {1994},
   title = {Infinite Dimensional Analysis},
   publisher = {Springer},
   address = {Berlin}
}
@article{andrianantoandro2006synthetic,
  title={Synthetic biology: new engineering rules for an emerging discipline},
  author={Andrianantoandro, Ernesto and Basu, Subhayu and Karig, David K and Weiss, Ron},
  journal={Molecular systems biology},
  volume={2},
  number={1},
  pages={2006--0028},
  year={2006},
  publisher={John Wiley \& Sons, Ltd Chichester, UK}
}
@article{brenner2018synthetic,
  title={Synthetic biology: immunotherapy by design},
  author={Brenner, Matthew J and Cho, Jang Hwan and Wong, Nicole ML and Wong, Wilson W},
  journal={Annual review of biomedical engineering},
  volume={20},
  pages={95--118},
  year={2018},
  publisher={Annual Reviews}
}
@article{chung1989one,
  title={One-step preparation of competent Escherichia coli: transformation and storage of bacterial cells in the same solution},
  author={Chung, CT and Niemela, Suzanne L and Miller, Roger H},
  journal={Proceedings of the National Academy of Sciences},
  volume={86},
  number={7},
  pages={2172--2175},
  year={1989},
  publisher={National Acad Sciences}
}
@incollection{keller2011methods,
  title={Methods for engineering sulfate reducing bacteria of the genus Desulfovibrio},
  author={Keller, Kimberly L and Wall, Judy D and Chhabra, Swapnil},
  booktitle={Methods in enzymology},
  volume={497},
  pages={503--517},
  year={2011},
  publisher={Elsevier}
}
@article{macia2016implementation,
  title={Implementation of complex biological logic circuits using spatially distributed multicellular consortia},
  author={Macia, Javier and Manzoni, Romilde and Conde, N{\'u}ria and Urrios, Arturo and de Nadal, Eul{\`a}lia and Sol{\'e}, Ricard and Posas, Francesc},
  journal={PLoS computational biology},
  volume={12},
  number={2},
  pages={e1004685},
  year={2016},
  publisher={Public Library of Science}
}
@article{macia2017synthetic,
  title={Synthetic associative learning in engineered multicellular consortia},
  author={Macia, Javier and Vidiella, Blai and Sol{\'e}, Ricard V},
  journal={Journal of The Royal Society Interface},
  volume={14},
  number={129},
  pages={20170158},
  year={2017},
  publisher={The Royal Society}
}

@article{millacura2018biologic,
  title={BioLogic, a parallel approach to cell-based logic gates},
  author={Millacura, Felipe A and Largey, Brendan and French, Christopher E},
  journal={bioRxiv},
  pages={303032},
  year={2018},
  publisher={Cold Spring Harbor Laboratory}
}
@article{nielsen2014multi,
  title={Multi-input CRISPR/Cas genetic circuits that interface host regulatory networks},
  author={Nielsen, Alec AK and Voigt, Christopher A},
  journal={Molecular systems biology},
  volume={10},
  number={11},
  year={2014},
  publisher={John Wiley \& Sons, Ltd}
}
@article{regot2011distributed,
  title={Distributed biological computation with multicellular engineered networks},
  author={Regot, Sergi and Macia, Javier and Conde, N{\'u}ria and Furukawa, Kentaro and Kjell{\'e}n, Jimmy and Peeters, Tom and Hohmann, Stefan and De Nadal, Eul{\~a}lia and Posas, Francesc and Sol{\'e}, Ricard},
  journal={Nature},
  volume={469},
  number={7329},
  pages={207},
  year={2011},
  publisher={Nature Publishing Group}
}
@article{roquet2016synthetic,
  title={Synthetic recombinase-based state machines in living cells},
  author={Roquet, Nathaniel and Soleimany, Ava P and Ferris, Alyssa C and Aaronson, Scott and Lu, Timothy K},
  journal={Science},
  volume={353},
  number={6297},
  pages={aad8559},
  year={2016},
  publisher={American Association for the Advancement of Science}
}
@article{shipman2017crispr,
  title={CRISPR--Cas encoding of a digital movie into the genomes of a population of living bacteria},
  author={Shipman, Seth L and Nivala, Jeff and Macklis, Jeffrey D and Church, George M},
  journal={Nature},
  volume={547},
  number={7663},
  pages={345},
  year={2017},
  publisher={Nature Publishing Group}
}
@article{silva2008mining,
  title={Mining logic gates in prokaryotic transcriptional regulation networks},
  author={Silva-Rocha, Rafael and de Lorenzo, V{\'\i}ctor},
  journal={FEBS letters},
  volume={582},
  number={8},
  pages={1237--1244},
  year={2008},
  publisher={Wiley Online Library}
}
@article{silva2012standard,
  title={The Standard European Vector Architecture (SEVA): a coherent platform for the analysis and deployment of complex prokaryotic phenotypes},
  author={Silva-Rocha, Rafael and Mart{\'\i}nez-Garc{\'\i}a, Esteban and Calles, Belen and Chavarr{\'\i}a, Max and Arce-Rodr{\'\i}guez, Alejandro and de las Heras, Aitor and Paez-Espino, A David and Durante-Rodr{\'\i}guez, Gonzalo and Kim, Juhyun and Nikel, Pablo I and others},
  journal={Nucleic acids research},
  volume={41},
  number={D1},
  pages={D666--D675},
  year={2012},
  publisher={Oxford University Press}
}
@article{siuti2013synthetic,
  title={Synthetic circuits integrating logic and memory in living cells},
  author={Siuti, Piro and Yazbek, John and Lu, Timothy K},
  journal={Nature biotechnology},
  volume={31},
  number={5},
  pages={448},
  year={2013},
  publisher={Nature Publishing Group}
}

@article{millacura2019parallel,
  title={ParAlleL: a novel population-based approach to biological logic gates},
  author={Millacura, Felipe A and Largey, Brendan and French, Christopher E},
  journal={Frontiers in Bioengineering and Biotechnology},
  volume={7},
  pages={46},
  year={2019},
  publisher={Frontiers}
}
@article{millacura2018unintentional,
  title={Unintentional Genomic Changes Endow Cupriavidus metallidurans with an Augmented Heavy-Metal Resistance},
  author={Millacura, Felipe and Janssen, Paul and Monsieurs, Pieter and Janssen, Ann and Provoost, Ann and Van Houdt, Rob and Rojas, Luis},
  journal={Genes},
  volume={9},
  number={11},
  pages={551},
  year={2018},
  publisher={Multidisciplinary Digital Publishing Institute}
}
@article{zhang2016dna,
  title={DNA sequential logic gate using two-ring DNA},
  author={Zhang, Cheng and Shen, Linjing and Liang, Chao and Dong, Yafei and Yang, Jing and Xu, Jin},
  journal={ACS applied materials \& interfaces},
  volume={8},
  number={14},
  pages={9370--9376},
  year={2016},
  publisher={ACS Publications}
}
@article{kikuchi2016split,
  title={Split spinach aptamer for highly selective recognition of DNA and RNA at ambient temperatures},
  author={Kikuchi, Nanami and Kolpashchikov, Dmitry M},
  journal={ChemBioChem},
  volume={17},
  number={17},
  pages={1589--1592},
  year={2016},
  publisher={Wiley Online Library}
}
@article{guz2016bioelectronic,
  title={Bioelectronic interface connecting reversible logic gates based on enzyme and DNA reactions},
  author={Guz, Nataliia and Fedotova, Tatiana A and Fratto, Brian E and Schlesinger, Orr and Alfonta, Lital and Kolpashchikov, Dmitry M and Katz, Evgeny},
  journal={ChemPhysChem},
  volume={17},
  number={14},
  pages={2247--2255},
  year={2016},
  publisher={Wiley Online Library}
}
@article{li2016c,
  title={C-Brick: a new standard for assembly of biological parts using Cpf1},
  author={Li, Shi-Yuan and Zhao, Guo-Ping and Wang, Jin},
  journal={ACS synthetic biology},
  volume={5},
  number={12},
  pages={1383--1388},
  year={2016},
  publisher={ACS Publications}
}
@article{li2018crispr,
  title={CRISPR-Cas12a has both cis-and trans-cleavage activities on single-stranded DNA},
  author={Li, Shi-Yuan and Cheng, Qiu-Xiang and Liu, Jia-Kun and Nie, Xiao-Qun and Zhao, Guo-Ping and Wang, Jin},
  journal={Cell research},
  volume={28},
  number={4},
  pages={491},
  year={2018},
  publisher={Nature Publishing Group}
}
@article{li2018cads,
  title={CADS: CRISPR/Cas12a-Assisted DNA Steganography for Securing the Storage and Transfer of DNA-Encoded Information},
  author={Li, Shi-Yuan and Liu, Jia-Kun and Zhao, Guo-Ping and Wang, Jin},
  journal={ACS synthetic biology},
  volume={7},
  number={4},
  pages={1174--1178},
  year={2018},
  publisher={ACS Publications}
}
@article{li2018crispr,
  title={CRISPR-Cas12a-assisted nucleic acid detection},
  author={Li, Shi-Yuan and Cheng, Qiu-Xiang and Wang, Jing-Man and Li, Xiao-Yan and Zhang, Zi-Long and Gao, Song and Cao, Rui-Bing and Zhao, Guo-Ping and Wang, Jin},
  journal={Cell discovery},
  volume={4},
  number={1},
  pages={20},
  year={2018},
  publisher={Nature Publishing Group}
}
@article{otoupal2016crispr,
  title={CRISPR perturbation of gene expression alters bacterial fitness under stress and reveals underlying epistatic constraints},
  author={Otoupal, Peter B and Erickson, Keesha E and Escalas-Bordoy, Antoni and Chatterjee, Anushree},
  journal={ACS synthetic biology},
  volume={6},
  number={1},
  pages={94--107},
  year={2016},
  publisher={ACS Publications}
}
@article{montero2017synthesis,
  title={Synthesis of extracellular gold nanoparticles using Cupriavidus metallidurans CH34 cells},
  author={Montero-Silva, Francisco and Dur{\'a}n, Nelson and Seeger, Michael},
  journal={IET nanobiotechnology},
  volume={12},
  number={1},
  pages={40--46},
  year={2017},
  publisher={IET}
}
@article{bernhard2013cell,
  title={Cell-free expressionâ€”making a mark},
  author={Bernhard, Frank and Tozawa, Yuzuru},
  journal={Current opinion in structural biology},
  volume={23},
  number={3},
  pages={374--380},
  year={2013},
  publisher={Elsevier}
}
@article{silva2012standard,
  title={The Standard European Vector Architecture (SEVA): a coherent platform for the analysis and deployment of complex prokaryotic phenotypes},
  author={Silva-Rocha, Rafael and Mart{\'\i}nez-Garc{\'\i}a, Esteban and Calles, Belen and Chavarr{\'\i}a, Max and Arce-Rodr{\'\i}guez, Alejandro and de las Heras, Aitor and Paez-Espino, A David and Durante-Rodr{\'\i}guez, Gonzalo and Kim, Juhyun and Nikel, Pablo I and others},
  journal={Nucleic acids research},
  volume={41},
  number={D1},
  pages={D666--D675},
  year={2012},
  publisher={Oxford University Press}
}
@article{zetsche2015cpf1,
  title={Cpf1 is a single RNA-guided endonuclease of a class 2 CRISPR-Cas system},
  author={Zetsche, Bernd and Gootenberg, Jonathan S and Abudayyeh, Omar O and Slaymaker, Ian M and Makarova, Kira S and Essletzbichler, Patrick and Volz, Sara E and Joung, Julia and Van Der Oost, John and Regev, Aviv and others},
  journal={Cell},
  volume={163},
  number={3},
  pages={759--771},
  year={2015},
  publisher={Elsevier}
}
@article{chen2018crispr,
  title={CRISPR-Cas12a target binding unleashes indiscriminate single-stranded DNase activity},
  author={Chen, Janice S and Ma, Enbo and Harrington, Lucas B and Da Costa, Maria and Tian, Xinran and Palefsky, Joel M and Doudna, Jennifer A},
  journal={Science},
  volume={360},
  number={6387},
  pages={436--439},
  year={2018},
  publisher={American Association for the Advancement of Science}
}
@article{song2014plug,
  title={Plug-and-play fluorophores extend the spectral properties of Spinach},
  author={Song, Wenjiao and Strack, Rita L and Svensen, Nina and Jaffrey, Samie R},
  journal={Journal of the American Chemical Society},
  volume={136},
  number={4},
  pages={1198--1201},
  year={2014},
  publisher={ACS Publications}
}
@article{silva2008mining,
  title={Mining logic gates in prokaryotic transcriptional regulation networks},
  author={Silva-Rocha, Rafael and de Lorenzo, V{\'\i}ctor},
  journal={FEBS letters},
  volume={582},
  number={8},
  pages={1237--1244},
  year={2008},
  publisher={Wiley Online Library}
}
@article{jusiak2016engineering,
  title={Engineering synthetic gene circuits in living cells with CRISPR technology},
  author={Jusiak, Barbara and Cleto, Sara and Perez-Pinera, Pablo and Lu, Timothy K},
  journal={Trends in biotechnology},
  volume={34},
  number={7},
  pages={535--547},
  year={2016},
  publisher={Elsevier}
}
@article{kwon2015high,
  title={High-throughput preparation methods of crude extract for robust cell-free protein synthesis},
  author={Kwon, Yong-Chan and Jewett, Michael C},
  journal={Scientific reports},
  volume={5},
  pages={8663},
  year={2015},
  publisher={Nature Publishing Group}
}
@article{kim1996highly,
  title={A highly efficient cell-free protein synthesis system from Escherichia coli},
  author={Kim, Dong-Myung and Kigawa, Takanori and Choi, Cha-Yong and Yokoyama, Shigeyuki},
  journal={European Journal of Biochemistry},
  volume={239},
  number={3},
  pages={881--886},
  year={1996},
  publisher={Wiley Online Library}
}
@article{moore2017cell,
  title={Cell-free synthetic biology for in vitro prototype engineering},
  author={Moore, Simon J and MacDonald, James T and Freemont, Paul S},
  journal={Biochemical Society Transactions},
  volume={45},
  number={3},
  pages={785--791},
  year={2017},
  publisher={Portland Press Limited}
}
@article{shin2012genome,
  title={Genome replication, synthesis, and assembly of the bacteriophage T7 in a single cell-free reaction},
  author={Shin, Jonghyeon and Jardine, Paul and Noireaux, Vincent},
  journal={ACS synthetic biology},
  volume={1},
  number={9},
  pages={408--413},
  year={2012},
  publisher={ACS Publications}
}
@inproceedings{chatterjee2016computing,
  title={Computing in ribosomes: Implementing sequential circuits using mrna-ribosome system},
  author={Chatterjee, Pratima and Sarkar, Mayukh and Ghosal, Prasun},
  booktitle={2016 IEEE International Symposium on Nanoelectronic and Information Systems (iNIS)},
  pages={230--235},
  year={2016},
  organization={IEEE}
}
@article{holzinger2014nanomaterials,
  title={Nanomaterials for biosensing applications: a review},
  author={Holzinger, Michael and Le Goff, Alan and Cosnier, Serge},
  journal={Frontiers in chemistry},
  volume={2},
  pages={63},
  year={2014},
  publisher={Frontiers}
}
@article{nissim2014multiplexed,
  title={Multiplexed and programmable regulation of gene networks with an integrated RNA and CRISPR/Cas toolkit in human cells},
  author={Nissim, Lior and Perli, Samuel D and Fridkin, Alexandra and Perez-Pinera, Pablo and Lu, Timothy K},
  journal={Molecular cell},
  volume={54},
  number={4},
  pages={698--710},
  year={2014},
  publisher={Elsevier}
}
@article{song2014plug,
  title={Plug-and-play fluorophores extend the spectral properties of Spinach},
  author={Song, Wenjiao and Strack, Rita L and Svensen, Nina and Jaffrey, Samie R},
  journal={Journal of the American Chemical Society},
  volume={136},
  number={4},
  pages={1198--1201},
  year={2014},
  publisher={ACS Publications}
}
@article{filonov2014broccoli,
  title={Broccoli: rapid selection of an RNA mimic of green fluorescent protein by fluorescence-based selection and directed evolution},
  author={Filonov, Grigory S and Moon, Jared D and Svensen, Nina and Jaffrey, Samie R},
  journal={Journal of the American Chemical Society},
  volume={136},
  number={46},
  pages={16299--16308},
  year={2014},
  publisher={ACS Publications}
}
@article{filonov2015gel,
  title={In-gel imaging of RNA processing using broccoli reveals optimal aptamer expression strategies},
  author={Filonov, Grigory S and Kam, Christina W and Song, Wenjiao and Jaffrey, Samie R},
  journal={Chemistry \& biology},
  volume={22},
  number={5},
  pages={649--660},
  year={2015},
  publisher={Elsevier}
}
@article{strack2014using,
  title={Using Spinach-based sensors for fluorescence imaging of intracellular metabolites and proteins in living bacteria},
  author={Strack, Rita L and Song, Wenjiao and Jaffrey, Samie R},
  journal={Nature protocols},
  volume={9},
  number={1},
  pages={146},
  year={2014},
  publisher={Nature Publishing Group}
}
@article{carlson2012cell,
  title={Cell-free protein synthesis: applications come of age},
  author={Carlson, Erik D and Gan, Rui and Hodgman, C Eric and Jewett, Michael C},
  journal={Biotechnology advances},
  volume={30},
  number={5},
  pages={1185--1194},
  year={2012},
  publisher={Elsevier}
}
@article{kim2000prolonging,
  title={Prolonging cell-free protein synthesis by selective reagent additions},
  author={Kim, Dong-Myung and Swartz, James R},
  journal={Biotechnology progress},
  volume={16},
  number={3},
  pages={385--390},
  year={2000},
  publisher={Wiley Online Library}
}
@article{calhoun2005economical,
  title={An economical method for cell-free protein synthesis using glucose and nucleoside monophosphates},
  author={Calhoun, Kara A and Swartz, James R},
  journal={Biotechnology progress},
  volume={21},
  number={4},
  pages={1146--1153},
  year={2005},
  publisher={Wiley Online Library}
}
@incollection{jaffrey2018rna,
  title={RNA-based fluorescent biosensors for detecting metabolites in vitro and in living cells},
  author={Jaffrey, Samie R},
  booktitle={Advances in Pharmacology},
  volume={82},
  pages={187--203},
  year={2018},
  publisher={Elsevier}
}
@article{bordoy2016transcriptional,
  title={Transcriptional interference in convergent promoters as a means for tunable gene expression},
  author={Bordoy, Antoni E and Varanasi, Usha S and Courtney, Colleen M and Chatterjee, Anushree},
  journal={ACS synthetic biology},
  volume={5},
  number={12},
  pages={1331--1341},
  year={2016},
  publisher={ACS Publications}
}
@article{shis2014modular,
  title={Modular, multi-input transcriptional logic gating with orthogonal LacI/GalR family chimeras},
  author={Shis, David L and Hussain, Faiza and Meinhardt, Sarah and Swint-Kruse, Liskin and Bennett, Matthew R},
  journal={ACS synthetic biology},
  volume={3},
  number={9},
  pages={645--651},
  year={2014},
  publisher={ACS Publications}
}
@article{strack2013superfolding,
  title={A superfolding Spinach2 reveals the dynamic nature of trinucleotide repeat--containing RNA},
  author={Strack, Rita L and Disney, Matthew D and Jaffrey, Samie R},
  journal={Nature methods},
  volume={10},
  number={12},
  pages={1219},
  year={2013},
  publisher={Nature Publishing Group}
}
@article{zhang2017multiplex,
  title={Multiplex gene regulation by CRISPR-ddCpf1},
  author={Zhang, Xiaochun and Wang, Jingman and Cheng, Qiuxiang and Zheng, Xuan and Zhao, Guoping and Wang, Jin},
  journal={Cell discovery},
  volume={3},
  pages={17018},
  year={2017},
  publisher={Nature Publishing Group}
}
@article{li2018crispr,
  title={CRISPR-Cpf1-assisted multiplex genome editing and transcriptional repression in Streptomyces},
  author={Li, Lei and Wei, Keke and Zheng, Guosong and Liu, Xiaocao and Chen, Shaoxin and Jiang, Weihong and Lu, Yinhua},
  journal={Appl. Environ. Microbiol.},
  volume={84},
  number={18},
  pages={e00827--18},
  year={2018},
  publisher={Am Soc Microbiol}
}
@article{Pothoulakis2015a,
title = {{Using spinach aptamer to correlate mRNA and protein levels in escherichia coli}},
author = {Pothoulakis, Georgios and Ellis, Tom},
journal = {Methods Enzymol.},
volume={550},
number={9},
pages={173-185},
year={2015},
publisher={Am Soc Microbiol}
}
@article{Lei2017a,
title = {{The CCTL (Cpf1-assisted Cutting and Taq DNA ligase-assisted Ligation) method for efficient editing of large DNA constructs in vitro}},
author = {Lei, Chao and Li, Shi Yuan and Liu, Jia Kun and Zheng, Xuan and Zhao, Guo Ping and Jin, Wang},
journal = {Nucleic Acids Res.},
volume = {45},
number = {9},
pages = {gkx018},
year = {2017}
publisher = {Oxford University Press},
}
@article{Hampikian,
title = {{Absent sequences: nullomers and primes.}},
author = {Hampikian, Greg and Andersen, Tim},
journal = {Pac. Symp. Biocomput.},
pmid = {17990505},
volume = {366},
pages = {355--66},
year = {2007}
}
@article{CHATTERJEE2008475,
title = "Tweaking biological switches through a better understanding of bistability behavior",
author = "Anushree Chatterjee and Yiannis N. Kaznessis and Wei-Shou Hu",
journal = "Current Opinion in Biotechnology",
volume = "19",
number = "5",
pages = "475 - 481",
year = "2008",
}
@article{doi:10.1002/bit.26938,
title = {Improved CRISPR-Cas12a-assisted one-pot DNA editing method enables seamless DNA editing},
author = {Wang, Liping and Wang, Haojun and Liu, Huayi and Zhao, Qiyuan and Liu, Bing and Wang, Lian and Zhang, Jun and Zhu, Jie and Bao, Rui and Luo, Yunzi},
journal = {Biotechnology and Bioengineering},
volume = {116},
number = {6},
pages = {1463-1474},
year = {2019}
}
@article {MooreE4340,
title = {Rapid acquisition and model-based analysis of cell-free transcription{\textendash}translation reactions from nonmodel bacteria},
author = {Moore, Simon J. and MacDonald, James T. and Wienecke, Sarah and Ishwarbhai, Alka and Tsipa, Argyro and Aw, Rochelle and Kylilis, Nicolas and Bell, David J. and McClymont, David W. and Jensen, Kirsten and Polizzi, Karen M. and Biedendieck, Rebekka and Freemont, Paul S.},
journal = {Proceedings of the National Academy of Sciences}
volume = {115},
number = {19},
pages = {E4340--E4349},
year = {2018},
publisher = {National Academy of Sciences},
}
@article{DasGupta2015a,
title = {{Spinach RNA aptamer detects lead(ii) with high selectivity}},
author = {Dasgupta, Saurja and Shelke, Sandip A. and Li, Nan Sheng and Piccirilli, Joseph A.},
journal = {Chem. Commun.},
volume = {51},
number = {43},
pages = {9034--9037},
year = {2015}
publisher = {The Royal Society of Chemistry},
}
@article{siuti2013synthetic,
  title={Synthetic circuits integrating logic and memory in living cells},
  author={Siuti, Piro and Yazbek, John and Lu, Timothy K},
  journal={Nature biotechnology},
  volume={31},
  number={5},
  pages={448},
  year={2013},
  publisher={Nature Publishing Group}
}
@article{li2018cads,
  title={CADS: CRISPR/Cas12a-Assisted DNA Steganography for Securing the Storage and Transfer of DNA-Encoded Information},
  author={Li, Shi-Yuan and Liu, Jia-Kun and Zhao, Guo-Ping and Wang, Jin},
  journal={ACS synthetic biology},
  volume={7},
  number={4},
  pages={1174--1178},
  year={2018},
  publisher={ACS Publications}
}
@article{mohanraju2018heterologous,
  title={Heterologous Expression and Purification of CRISPR-Cas12a/Cpf1},
  author={Mohanraju, Prarthana and van der Oost, John and Jinek, Martin and Swarts, Daan C},
  journal={Bio-protocol},
  volume={8},
  number={9},
  year={2018}
}
@article{wang2019improved,
  title={Improved CRISPR-Cas12a-assisted one-pot DNA editing method enables seamless DNA editing},
  author={Wang, Liping and Wang, Haojun and Liu, Huayi and Zhao, Qiyuan and Liu, Bing and Wang, Lian and Zhang, Jun and Zhu, Jie and Bao, Rui and Luo, Yunzi},
  journal={Biotechnology and bioengineering},
  volume={116},
  number={6},
  pages={1463--1474},
  year={2019},
  publisher={Wiley Online Library}
}
